@book{robot-control,
  title = {Robot Modelling and Control},
  publisher = {John Wiley & Sons, Inc.},
  year = {2006},
  author = {Mark W. Spong AND Seth Hutchinson AND M. Vidyasagar}
}

@book{robot-control,
  title = {Robot Modelling and Control},
  publisher = {John Wiley & Sons, Inc.},
  year = {2006},
  author = {Mark W. Spong AND Seth Hutchinson AND M. Vidyasagar}
}

@phdthesis{sebastian-phd,
  author  = {Sebastian ???},
  title   = {???},
  school  = {Technical University of Denmark},
  year    = {2021},
}

@manual{scanner-spec,
  title        = {R},
  author       = {R Core Team},
  organization = {R Foundation for Statistical Computing},
  year         = 2018
}

@manual{lense-spec,
  title        = {R},
  author       = {R Core Team},
  organization = {R Foundation for Statistical Computing},
  year         = 2018
}

@manual{laser-spec,
  title        = {R},
  author       = {R Core Team},
  organization = {R Foundation for Statistical Computing},
  year         = 2018
}




